@article{prior_eugenic_nodate,
  title  = {Eugenic Evolution for Combinatorial Optimization},
  author = {Prior, John William and Ai, Report},
  langid = {english}
}

@misc{shakya_markov_2012,
  location  = {Berlin, Heidelberg},
  title     = {Markov Networks in Evolutionary Computation},
  volume    = {14},
  isbn      = {978-3-642-28899-9 978-3-642-28900-2},
  url       = {https://link.springer.com/10.1007/978-3-642-28900-2},
  series    = {Adaptation, Learning, and Optimization},
  publisher = {Springer Berlin Heidelberg},
  editor    = {Shakya, Siddhartha and Santana, Roberto},
  urldate   = {2024-03-16},
  year      = {2012},
  langid    = {english},
  doi       = {10.1007/978-3-642-28900-2}
}}

@misc{yu_training_2020,
  title      = {Training Deep Energy-Based Models with f-Divergence Minimization},
  url        = {http://arxiv.org/abs/2003.03463},
  doi        = {10.48550/arXiv.2003.03463},
  number     = {{arXiv}:2003.03463},
  publisher  = {{arXiv}},
  author     = {Yu, Lantao and Song, Yang and Song, Jiaming and Ermon, Stefano},
  urldate    = {2024-03-16},
  date       = {2020-07-20},
  eprinttype = {arxiv},
  eprint     = {2003.03463 [cs, stat]},
  keywords   = {Statistics - Machine Learning, Computer Science - Machine Learning}
}

@misc{song_ebm_2021,
  title      = {How to Train Your Energy-Based Models},
  url        = {http://arxiv.org/abs/2101.03288},
  doi        = {10.48550/arXiv.2101.03288},
  number     = {{arXiv}:2101.03288},
  publisher  = {{arXiv}},
  author     = {Song, Yang and Kingma, Diederik P.},
  urldate    = {2024-03-16},
  date       = {2021-02-17},
  eprinttype = {arxiv},
  eprint     = {2101.03288 [cs, stat]},
  keywords   = {Statistics - Machine Learning, Computer Science - Machine Learning}
}

@book{koller_probabilistic_2010,
  location   = {Cambridge, Mass.},
  edition    = {Nachdr.},
  title      = {Probabilistic graphical models: principles and techniques},
  isbn       = {978-0-262-01319-2},
  series     = {Adaptive computation and machine learning},
  shorttitle = {Probabilistic graphical models},
  pagetotal  = {1231},
  publisher  = {{MIT} Press},
  author     = {Koller, Daphne and Friedman, Nir},
  date       = {2010},
  langid     = {english}
}

@book{larranaga_estimation_2002,
  location  = {Boston, {MA}},
  title     = {Estimation of Distribution Algorithms},
  author    = {Larrañaga, Pedro and Lozano, Jose A.},
  volume    = {2},
  isbn      = {978-1-4613-5604-2 978-1-4615-1539-5},
  year      = {2002},
  url       = {http://link.springer.com/10.1007/978-1-4615-1539-5},
  series    = {Genetic Algorithms and Evolutionary Computation},
  publisher = {Springer {US}},
  editor    = {Larrañaga, Pedro and Lozano, Jose A.},
  urldate   = {2023-04-28},
  date      = {2002},
  langid    = {english},
  doi       = {10.1007/978-1-4615-1539-5}
}

@article{alden_marleda_2016,
  title        = {{MARLEDA}: Effective distribution estimation through Markov random fields},
  volume       = {633},
  issn         = {0304-3975},
  url          = {https://www.sciencedirect.com/science/article/pii/S0304397515006945},
  doi          = {10.1016/j.tcs.2015.07.049},
  series       = {Biologically Inspired Processes in Neural Computation},
  shorttitle   = {{MARLEDA}},
  pages        = {4--18},
  journaltitle = {Theoretical Computer Science},
  shortjournal = {Theoretical Computer Science},
  author       = {Alden, Matthew and Miikkulainen, Risto},
  urldate      = {2023-04-28},
  date         = {2016-06-20},
  langid       = {english},
  keywords     = {Estimation of distribution algorithms, Markov chain Monte Carlo, Markov random field, Probabilistic modeling}
}

@book{holland_ga_1992,
  title     = {Adaptation in Natural and Artificial Systems: An Introductory Analysis with Applications to Biology,  Control,  and Artificial Intelligence},
  isbn      = {9780262275552},
  url       = {http://dx.doi.org/10.7551/mitpress/1090.001.0001},
  doi       = {10.7551/mitpress/1090.001.0001},
  publisher = {The MIT Press},
  author    = {Holland,  John H.},
  year      = {1992},
  month     = apr
}

@inproceedings{back_es_1996,
  author    = {Rechenberg, I.},
  editor    = {Schneider, Berthold
               and Ranft, Ulrich},
  title     = {Evolutionsstrategien},
  booktitle = {Simulationsmethoden in der Medizin und Biologie},
  year      = {1978},
  publisher = {Springer Berlin Heidelberg},
  address   = {Berlin, Heidelberg},
  pages     = {83--114}
}

@article{muhlenbein_umda_1997,
  title     = {The Equation for Response to Selection and Its Use for Prediction},
  volume    = {5},
  issn      = {1530-9304},
  url       = {http://dx.doi.org/10.1162/evco.1997.5.3.303},
  doi       = {10.1162/evco.1997.5.3.303},
  number    = {3},
  journal   = {Evolutionary Computation},
  publisher = {MIT Press - Journals},
  author    = {M\"{u}hlenbein,  Heinz},
  year      = {1997},
  month     = sep,
  pages     = {303–346}
}

@book{pearl_bn_1985,
  title     = {Bayesian Networks: A Model of Self-activated Memory for Evidential Reasoning},
  author    = {Pearl, J.},
  series    = {Report (University of California, Los Angeles. Computer Science Dept.)},
  url       = {https://books.google.it/books?id=1sfMOgAACAAJ},
  year      = {1985},
  publisher = {UCLA Computer Science Department}
}

@article{larranaga_ebna_2000,
  author  = {Larranaga, Pedro and Etxeberria, Ramon and Lozano, Jose and Pena, Jose},
  year    = {2000},
  month   = {01},
  pages   = {},
  title   = {Combinatorial Optimization by Learning and Simulation of Bayesian
             Networks},
  journal = {Proceedings of the Sixteenth Conference on Uncertainty in Artificial Intelligence}
}

@article{pelikan_boa_2005,
  title     = {Bayesian optimization algorithm},
  author    = {Pelikan, Martin and Pelikan, Martin},
  journal   = {Hierarchical Bayesian optimization algorithm: toward a new generation of evolutionary algorithms},
  pages     = {31--48},
  year      = {2005},
  publisher = {Springer}
}

@article{parisi_langevin_1980,
  title     = {Correlation functions and computer simulations},
  volume    = {180},
  issn      = {0550-3213},
  url       = {http://dx.doi.org/10.1016/0550-3213(81)90056-0},
  doi       = {10.1016/0550-3213(81)90056-0},
  number    = {3},
  journal   = {Nuclear Physics B},
  publisher = {Elsevier BV},
  author    = {Parisi,  G.},
  year      = {1981},
  month     = may,
  pages     = {378–384}
}

@article{shakya_moa_2011,
  title     = {A Markovianity based optimisation algorithm},
  volume    = {13},
  issn      = {1573-7632},
  url       = {http://dx.doi.org/10.1007/s10710-011-9149-y},
  doi       = {10.1007/s10710-011-9149-y},
  number    = {2},
  journal   = {Genetic Programming and Evolvable Machines},
  publisher = {Springer Science and Business Media LLC},
  author    = {Shakya,  Siddhartha and Santana,  Roberto and Lozano,  Jose A.},
  year      = {2011},
  month     = sep,
  pages     = {159–195}
}

@inbook{shakya_deum_2012,
  author    = {Shakya, Siddhartha
               and McCall, John
               and Brownlee, Alexander
               and Owusu, Gilbert},
  editor    = {Shakya, Siddhartha
               and Santana, Roberto},
  title     = {DEUM - Distribution Estimation Using Markov Networks},
  booktitle = {Markov Networks in Evolutionary Computation},
  year      = {2012},
  publisher = {Springer Berlin Heidelberg},
  address   = {Berlin, Heidelberg},
  pages     = {55--71},
  isbn      = {978-3-642-28900-2},
  doi       = {10.1007/978-3-642-28900-2_4},
  url       = {https://doi.org/10.1007/978-3-642-28900-2_4}
}

@article{teh_ebm_2003,
  title   = {Energy-Based Models for Sparse Overcomplete Representations},
  author  = {Yee Whye Teh and Max Welling and Simon Osindero and Geoffrey E. Hinton},
  journal = {J. Mach. Learn. Res.},
  year    = {2003},
  volume  = {4},
  pages   = {1235-1260},
  url     = {https://api.semanticscholar.org/CorpusID:52865368}
}


@inproceedings{martins_sparsemax_2016,
  title     = {From Softmax to Sparsemax: A Sparse Model of Attention and Multi-Label Classification},
  author    = {Martins, Andre and Astudillo, Ramon},
  booktitle = {Proceedings of The 33rd International Conference on Machine Learning},
  pages     = {1614--1623},
  year      = {2016},
  editor    = {Balcan, Maria Florina and Weinberger, Kilian Q.},
  volume    = {48},
  series    = {Proceedings of Machine Learning Research},
  address   = {New York, New York, USA},
  month     = {20--22 Jun},
  publisher = {PMLR},
  url       = {https://proceedings.mlr.press/v48/martins16.html}
}

@misc{bai_hypergraph_2019,
  doi       = {10.48550/ARXIV.1901.08150},
  url       = {https://arxiv.org/abs/1901.08150},
  author    = {Bai,  Song and Zhang,  Feihu and Torr,  Philip H. S.},
  title     = {Hypergraph Convolution and Hypergraph Attention},
  publisher = {arXiv},
  year      = {2019},
  copyright = {arXiv.org perpetual,  non-exclusive license}
}

@article{hansen_cma_2001,
  title     = {Completely Derandomized Self-Adaptation in Evolution Strategies},
  volume    = {9},
  issn      = {1530-9304},
  url       = {http://dx.doi.org/10.1162/106365601750190398},
  doi       = {10.1162/106365601750190398},
  number    = {2},
  journal   = {Evolutionary Computation},
  publisher = {MIT Press - Journals},
  author    = {Hansen,  Nikolaus and Ostermeier,  Andreas},
  year      = {2001},
  month     = jun,
  pages     = {159–195}
}

@inproceedings{yu_divergence_2020,
  title={Training deep energy-based models with f-divergence minimization},
  author={Yu, Lantao and Song, Yang and Song, Jiaming and Ermon, Stefano},
  booktitle={International Conference on Machine Learning},
  pages={10957--10967},
  year={2020},
  organization={PMLR}
}
